@inproceedings{han2022openhgnn,
  title={Openhgnn: an open source toolkit for heterogeneous graph neural network},
  author={Han, Hui and Zhao, Tianyu and Yang, Cheng and Zhang, Hongyi and Liu, Yaoqi and Wang, Xiao and Shi, Chuan},
  booktitle={Proceedings of the 31st ACM International Conference on Information \& Knowledge Management},
  pages={3993--3997},
  year={2022}
}
// Kha - Phuong

@article{berg2017graph,
  title={Graph convolutional matrix completion},
  author={Berg, Rianne van den and Kipf, Thomas N and Welling, Max},
  journal={arXiv preprint arXiv:1706.02263},
  year={2017}
}
@article{Pepinsky_2018, title={A Note on Listwise Deletion versus Multiple Imputation}, volume={26}, number={4}, journal={Political Analysis}, author={Pepinsky, Thomas B.}, year={2018}, pages={480–488}}
@article{JEREZ2010105,
title = {Missing data imputation using statistical and machine learning methods in a real breast cancer problem},
journal = {Artificial Intelligence in Medicine},
volume = {50},
number = {2},
pages = {105-115},
year = {2010},
issn = {0933-3657},
author = {José M. Jerez and Ignacio Molina and Pedro J. García-Laencina and Emilio Alba and Nuria Ribelles and Miguel Martín and Leonardo Franco},
}
@article{zhang2016missing,
  author       = {Zhang, Zhi},
  title        = {Missing data imputation: focusing on single imputation},
  journal      = {Annals of Translational Medicine},
  volume       = {4},
  number       = {1},
  pages        = {9},
  year         = {2016},
}
@article{ZHANG20122541,
title = {Nearest neighbor selection for iteratively kNN imputation},
journal = {Journal of Systems and Software},
volume = {85},
number = {11},
pages = {2541-2552},
year = {2012},
issn = {0164-1212},
author = {Shichao Zhang}
}
@article{SHERSTINSKY2020132306,
title = {Fundamentals of Recurrent Neural Network (RNN) and Long Short-Term Memory (LSTM) network},
journal = {Physica D: Nonlinear Phenomena},
volume = {404},
pages = {132306},
year = {2020},
issn = {0167-2789},
author = {Alex Sherstinsky}
}
@article{10.1162/neco_a_01199,
    author = {Yu, Yong and Si, Xiaosheng and Hu, Changhua and Zhang, Jianxun},
    title = {A Review of Recurrent Neural Networks: LSTM Cells and Network Architectures},
    journal = {Neural Computation},
    volume = {31},
    number = {7},
    pages = {1235-1270},
    year = {2019},
    month = {07},
    issn = {0899-7667},
}
@article{MIM2023119419,
title = {GRU-INC: An inception-attention based approach using GRU for human activity recognition},
journal = {Expert Systems with Applications},
volume = {216},
pages = {119419},
year = {2023},
issn = {0957-4174},
author = {Taima Rahman Mim and Maliha Amatullah and Sadia Afreen and Mohammad Abu Yousuf and Shahadat Uddin and Salem A. Alyami and Khondokar Fida Hasan and Mohammad Ali Moni}
}
@article{singla2022ensemble,
  author       = {Singla, P. and Duhan, M. and Saroha, S.},
  title        = {An ensemble method to forecast 24-h ahead solar irradiance using wavelet decomposition and BiLSTM deep learning network},
  journal      = {Earth Science Informatics},
  volume       = {15},
  pages        = {291--306},
  year         = {2022},
}