@article{nguyen2025data,
  author    = {T. Nguyen and H.-T. Nguyen and T.-A. Nguyen-Hoang},
  title     = {Data quality management in big data: Strategies, tools, and educational implications},
  journal   = {Journal of Parallel and Distributed Computing},
  volume    = {200},
  pages     = {105067},
  year      = {2025}
}
@article{zhang2019reliability,
  author    = {Zhang, Z. and Lu, J.},
  title     = {Evaluating model reliability in learning analytics: consistency of predictive performance},
  journal   = {Journal of Educational Data Mining},
  volume    = {11},
  number    = {2},
  pages     = {45--60},
  year      = {2019}
}