@online{ShantoLatex,
    title        = {How to add subfigure in Latex: Step-by-Step Tutorial with Examples},
    author       = {Shanto Roy},
    year         = {2018},
    url          = {https://shantoroy.com/latex/how-to-add-subfig-in-latex/},
    urldate      = {2024-04-08}
}

@online{MartinRotate,
    title        = {Rotate picture with caption},
    author       = {Martin Scharrer},
    year         = {2012},
    url          = {https://tex.stackexchange.com/questions/44427/rotate-picture-with-caption/57531#57531},
    urldate      = {2024-04-08}
}

@article{zawacki2018research,
  title={What research says about MOOCs--An explorative content analysis},
  author={Zawacki-Richter, Olaf and Bozkurt, Aras and Alturki, Uthman and Aldraiweesh, Ahmed},
  journal={The International Review of Research in Open and Distributed Learning},
  volume={19},
  number={1},
  year={2018}
}

@article{liu2020participants,
  title={What do participants think of todayâ€™s MOOCs: an updated look at the benefits and challenges of MOOCs designed for working professionals},
  author={Liu, Min and Zou, Wenting and Shi, Yi and Pan, Zilong and Li, Chenglu},
  journal={Journal of Computing in Higher Education},
  volume={32},
  pages={307--329},
  year={2020},
  publisher={Springer}
}

@article{zhu2020comprehensive,
  title={A comprehensive systematic review of MOOC research: Research techniques, topics, and trends from 2009 to 2019},
  author={Zhu, Meina and Sari, Annisa R and Lee, Mimi Miyoung},
  journal={Educational Technology Research and Development},
  volume={68},
  pages={1685--1710},
  year={2020},
  publisher={Springer}
}

@article{despujol2022we,
  title={What do we want to know about MOOCs? Results from a machine learning approach to a systematic literature mapping review},
  author={Despujol, Ignacio and Casta{\~n}eda, Linda and Mar{\'\i}n, Victoria I and Turr{\'o}, Carlos},
  journal={International Journal of Educational Technology in Higher Education},
  volume={19},
  number={1},
  pages={53},
  year={2022},
  publisher={Springer}
}

@inproceedings{b5,
  title={MOOCs Recommender System using Ontology and Memory-based Collaborative Filtering.},
  author={Rabahallah, Kahina and Mahdaoui, Latifa and Azouaou, Fai{\c{c}}al},
  booktitle={ICEIS (1)},
  pages={635--641},
  year={2018}
}

@article{b6,
  title={Modeling dynamic user preference via dictionary learning for sequential recommendation},
  author={Chen, Chao and Li, Dongsheng and Yan, Junchi and Yang, Xiaokang},
  journal={IEEE Transactions on Knowledge and Data Engineering},
  volume={34},
  number={11},
  pages={5446--5458},
  year={2021},
  publisher={IEEE}
}
@article{b7,
  title={Learning Complex Users' Preferences for Recommender Systems},
  author={Yakhchi, Shahpar},
  journal={arXiv preprint arXiv:2107.01529},
  year={2021}
}
@inproceedings{b8,
  title={MRMLREC: A Two-Stage Approach for Addressing Data Sparsity in MOOC Video Recommendation (Student Abstract)},
  author={Zhang, Ye and Gao, Yanqi and Zhou, Yupeng and Wang, Jianan and Yin, Minghao},
  booktitle={Proceedings of the AAAI Conference on Artificial Intelligence},
  volume={38},
  number={21},
  pages={23709--23711},
  year={2024}
}
@article{b9,
  title={Revisiting negative sampling vs. non-sampling in implicit recommendation},
  author={Chen, Chong and Ma, Weizhi and Zhang, Min and Wang, Chenyang and Liu, Yiqun and Ma, Shaoping},
  journal={ACM Transactions on Information Systems},
  volume={41},
  number={1},
  pages={1--25},
  year={2023},
  publisher={ACM New York, NY}
}
@article{b10,
  title={Reinforced moocs concept recommendation in heterogeneous information networks},
  author={Gong, Jibing and Wan, Yao and Liu, Ye and Li, Xuewen and Zhao, Yi and Wang, Cheng and Lin, Yuting and Fang, Xiaohan and Feng, Wenzheng and Zhang, Jingyi and others},
  journal={ACM Transactions on the Web},
  volume={17},
  number={3},
  pages={1--27},
  year={2023},
  publisher={ACM New York, NY}
}
@article{b11,
  title={A systematic review and research perspective on recommender systems},
  author={Roy, Deepjyoti and Dutta, Mala},
  journal={Journal of Big Data},
  volume={9},
  number={1},
  pages={59},
  year={2022},
  publisher={Springer}
}
@article{b12,
  title={Recommender Systems: A Primer},
  author={Castells, Pablo and Jannach, Dietmar},
  journal={arXiv preprint arXiv:2302.02579},
  year={2023}
}
@inproceedings{bert,
  title={BERT4Rec: Sequential recommendation with bidirectional encoder representations from transformer},
  author={Sun, Fei and Liu, Jun and Wu, Jian and Pei, Changhua and Lin, Xiao and Ou, Wenwu and Jiang, Peng},
  booktitle={Proceedings of the 28th ACM international conference on information and knowledge management},
  pages={1441--1450},
  year={2019}
}

@inproceedings{sasrec,
  title={Self-attentive sequential recommendation},
  author={Kang, Wang-Cheng and McAuley, Julian},
  booktitle={2018 IEEE international conference on data mining (ICDM)},
  pages={197--206},
  year={2018},
  organization={IEEE}
}
@article{neg_1,
  title={Does Negative Sampling Matter? A Review with Insights into its Theory and Applications},
  author={Yang, Zhen and Ding, Ming and Huang, Tinglin and Cen, Yukuo and Song, Junshuai and Xu, Bin and Dong, Yuxiao and Tang, Jie},
  journal={IEEE Transactions on Pattern Analysis and Machine Intelligence},
  year={2024},
  publisher={IEEE}
}
@inproceedings{neg_2,
  title={Negative sampling in semi-supervised learning},
  author={Chen, John and Shah, Vatsal and Kyrillidis, Anastasios},
  booktitle={International Conference on Machine Learning},
  pages={1704--1714},
  year={2020},
  organization={PMLR}
}
@article{hin_1,
  title={A survey of heterogeneous information network analysis},
  author={Shi, Chuan and Li, Yitong and Zhang, Jiawei and Sun, Yizhou and Philip, S Yu},
  journal={IEEE Transactions on Knowledge and Data Engineering},
  volume={29},
  number={1},
  pages={17--37},
  year={2016},
  publisher={IEEE}
}

@article{hin_2,
  title={Federated Heterogeneous Graph Neural Network for Privacy-preserving Recommendation},
  author={Yan, Bo and Cao, Yang and Wang, Haoyu and Yang, Wenchuan and Du, Junping and Shi, Chuan},
  journal={arXiv preprint arXiv:2310.11730},
  year={2023}
}

@article{hin_3,
  title={Dependency Relationships-Enhanced Attentive Group Recommendation in HINs},
  author={Zhang, Juntao and Wang, Sheng and Chen, Zhiyu and Yang, Xiandi and Peng, Zhiyong},
  journal={arXiv preprint arXiv:2311.11239},
  year={2023}
}

@article{hin_4,
  title={Interpretable and efficient heterogeneous graph convolutional network},
  author={Yang, Yaming and Guan, Ziyu and Li, Jianxin and Zhao, Wei and Cui, Jiangtao and Wang, Quan},
  journal={IEEE Transactions on Knowledge and Data Engineering},
  volume={35},
  number={2},
  pages={1637--1650},
  year={2021},
  publisher={IEEE}
}

@article{hin_5,
  title={Heterogeneous information network embedding for recommendation},
  author={Shi, Chuan and Hu, Binbin and Zhao, Wayne Xin and Philip, S Yu},
  journal={IEEE transactions on knowledge and data engineering},
  volume={31},
  number={2},
  pages={357--370},
  year={2018},
  publisher={IEEE}
}

@article{h6,
  title={Mining heterogeneous information networks: a structural analysis approach},
  author={Sun, Yizhou and Han, Jiawei},
  journal={ACM SIGKDD explorations newsletter},
  volume={14},
  number={2},
  pages={20--28},
  year={2013},
  publisher={ACM New York, NY, USA}
}

@inproceedings{h7,
  title={Ranking-based clustering of heterogeneous information networks with star network schema},
  author={Sun, Yizhou and Yu, Yintao and Han, Jiawei},
  booktitle={Proceedings of the 15th ACM SIGKDD international conference on Knowledge discovery and data mining},
  pages={797--806},
  year={2009}
}
@article{h8,
  title={Pathsim: Meta path-based top-k similarity search in heterogeneous information networks},
  author={Sun, Yizhou and Han, Jiawei and Yan, Xifeng and Yu, Philip S and Wu, Tianyi},
  journal={Proceedings of the VLDB Endowment},
  volume={4},
  number={11},
  pages={992--1003},
  year={2011},
  publisher={VLDB Endowment}
}
@article{word2vec,
  title={Efficient estimation of word representations in vector space},
  author={Mikolov, Tomas and Chen, Kai and Corrado, Greg and Dean, Jeffrey},
  journal={arXiv preprint arXiv:1301.3781},
  year={2013}
}

@article{bpr,
  title={BPR: Bayesian personalized ranking from implicit feedback},
  author={Rendle, Steffen and Freudenthaler, Christoph and Gantner, Zeno and Schmidt-Thieme, Lars},
  journal={arXiv preprint arXiv:1205.2618},
  year={2012}
}

@inproceedings{ncf,
  title={Neural collaborative filtering},
  author={He, Xiangnan and Liao, Lizi and Zhang, Hanwang and Nie, Liqiang and Hu, Xia and Chua, Tat-Seng},
  booktitle={Proceedings of the 26th international conference on world wide web},
  pages={173--182},
  year={2017}
}

@inproceedings{cf1,
  title={Guess you like: course recommendation in MOOCs},
  author={Jing, Xia and Tang, Jie},
  booktitle={Proceedings of the international conference on web intelligence},
  pages={783--789},
  year={2017}
}
@article{cf2,
  title={Collaborative filtering recommendation algorithm for MOOC resources based on deep learning},
  author={Wu, Lili},
  journal={Complexity},
  volume={2021},
  number={1},
  pages={5555226},
  year={2021},
  publisher={Wiley Online Library}
}
@inproceedings{cf3,
  title={Attentional graph convolutional networks for knowledge concept recommendation in moocs in a heterogeneous view},
  author={Gong, Jibing and Wang, Shen and Wang, Jinlong and Feng, Wenzheng and Peng, Hao and Tang, Jie and Yu, Philip S},
  booktitle={Proceedings of the 43rd international ACM SIGIR conference on research and development in information retrieval},
  pages={79--88},
  year={2020}
}
@inproceedings{cbf1,
  title={Design and evaluation of a course recommender system using content-based approach},
  author={Neamah, Ammar A and El-Ameer, Amer S},
  booktitle={2018 International Conference on Advanced Science and Engineering (ICOASE)},
  pages={1--6},
  year={2018},
  organization={IEEE}
}
@inproceedings{cbf2,
  title={Research on content-based MOOC recommender model},
  author={Huang, Ran and Lu, Ran},
  booktitle={2018 5Th International conference on systems and informatics (ICSAI)},
  pages={676--681},
  year={2018},
  organization={IEEE}
}

@article{mooc1,
  title={MOOCs and open education: Implications for higher education},
  author={Yuan, Li and Powell, SJ},
  year={2013},
  publisher={Cetis}
}
@article{mooc2,
  title={MOOCâ€™s impact on higher education},
  author={Alhazzani, Noura},
  journal={Social sciences \& humanities open},
  volume={2},
  number={1},
  pages={100030},
  year={2020},
  publisher={Elsevier}
}

@article{transformer,
  title={Attention is all you need},
  author={Vaswani, Ashish and Shazeer, Noam and Parmar, Niki and Uszkoreit, Jakob and Jones, Llion and Gomez, Aidan N and Kaiser, {\L}ukasz and Polosukhin, Illia},
  journal={Advances in neural information processing systems},
  volume={30},
  year={2017}
}
@inproceedings{lightgcn,
  title={Lightgcn: Simplifying and powering graph convolution network for recommendation},
  author={He, Xiangnan and Deng, Kuan and Wang, Xiang and Li, Yan and Zhang, Yongdong and Wang, Meng},
  booktitle={Proceedings of the 43rd International ACM SIGIR conference on research and development in Information Retrieval},
  pages={639--648},
  year={2020}
}

@article{hgnn,
  title={OpenHGNN: An Open Source Toolkit for Heterogeneous Graph Neural Network},
  author={Hui Han, Tianyu Zhao, Cheng Yang, Hongyi Zhang, Yaoqi Liu, Xiao Wang, Chuan Shi},
  booktitle={CIKM},
  year={2022}
}
@inproceedings{gru,
  title={Recurrent neural networks with top-k gains for session-based recommendations},
  author={Hidasi, Bal{\'a}zs and Karatzoglou, Alexandros},
  booktitle={Proceedings of the 27th ACM international conference on information and knowledge management},
  pages={843--852},
  year={2018}
}
@article{gru_ori,
  title={Session-based recommendations with recurrent neural networks},
  author={Hidasi, Bal{\'a}zs and Karatzoglou, Alexandros and Baltrunas, Linas and Tikk, Domonkos},
  journal={arXiv preprint arXiv:1511.06939},
  year={2015}
}



// Khoa luan Kha Phuong

//1
@article{de2021use,
  title={The use of Massive Open Online Courses (MOOCs) in blended learning courses and the functional value perceived by students},
  author={de Moura, Val{\'e}ria Feitosa and de Souza, Cesar Alexandre and Viana, Adriana Backx Noronha},
  journal={Computers \& Education},
  volume={161},
  pages={104077},
  year={2021},
  publisher={Elsevier}
}
//2
@article{ma2023leveraging,
  title={Leveraging MOOCs for learners in economically disadvantaged regions},
  author={Ma, Long and Lee, Chei Sian},
  journal={Education and Information Technologies},
  volume={28},
  number={9},
  pages={12243--12268},
  year={2023},
  publisher={Springer}
}
//3
@article{al2018analyzing,
  title={Analyzing learners behavior in MOOCs: An examination of performance and motivation using a data-driven approach},
  author={Al-Shabandar, Raghad and Hussain, Abir Jaafar and Liatsis, Panos and Keight, Robert},
  journal={IEEE Access},
  volume={6},
  pages={73669--73685},
  year={2018},
  publisher={IEEE}
}
//4
@inproceedings{andres2018studying,
  title={Studying MOOC completion at scale using the MOOC replication framework},
  author={Andres, Juan Miguel L and Baker, Ryan S and Ga{\v{s}}evi{\'c}, Dragan and Siemens, George and Crossley, Scott A and Joksimovi{\'c}, Sre{\'c}ko},
  booktitle={Proceedings of the 8th international conference on learning analytics and knowledge},
  pages={71--78},
  year={2018}
}
//5
@article{leach2017supporting,
  title={Supporting, categorising and visualising diverse learner behaviour on MOOCs with modular design and micro-learning},
  author={Leach, Matthew and Hadi, Syed Munib},
  journal={Journal of Computing in Higher Education},
  volume={29},
  pages={147--159},
  year={2017},
  publisher={Springer}
}
//6
@article{reeves2017s,
  title={What's in it for me? Incentives, learning, and completion in massive open online courses},
  author={Reeves, Todd D and Tawfik, Andrew A and Msilu, Fortunata and {\c{S}}im{\c{s}}ek, Irfan},
  journal={Journal of Research on Technology in Education},
  volume={49},
  number={3-4},
  pages={245--259},
  year={2017},
  publisher={Taylor \& Francis}
}
//7
@article{de2020importance,
  title={The importance and meaning of session behaviour in a MOOC},
  author={de Barba, Paula G and Malekian, Donia and Oliveira, Eduardo A and Bailey, James and Ryan, Tracii and Kennedy, Gregor},
  journal={Computers \& Education},
  volume={146},
  pages={103772},
  year={2020},
  publisher={Elsevier}
}
//8
@article{baneres2023early,
  title={An early warning system to identify and intervene online dropout learners},
  author={Ba{\~n}eres, David and Rodr{\'\i}guez-Gonz{\'a}lez, M Elena and Guerrero-Rold{\'a}n, Ana-Elena and Cortadas, Pau},
  journal={International Journal of Educational Technology in Higher Education},
  volume={20},
  number={1},
  pages={3},
  year={2023},
  publisher={Springer}
}
//thÃªm cite
@article{PENG2020110055,
title = {An empirical overview of nonlinearity and overfitting in machine learning using COVID-19 data},
journal = {Chaos, Solitons & Fractals},
volume = {139},
pages = {110055},
year = {2020},
issn = {0960-0779},
author = {Yaohao Peng and Mateus Hiro Nagata},
}
@INPROCEEDINGS{8429311,
  author={Yeom, Samuel and Giacomelli, Irene and Fredrikson, Matt and Jha, Somesh},
  booktitle={2018 IEEE 31st Computer Security Foundations Symposium (CSF)}, 
  title={Privacy Risk in Machine Learning: Analyzing the Connection to Overfitting}, 
  year={2018},
  volume={},
  number={},
  pages={268-282},
}
@inproceedings{yu2021mooccubex,
  title={{MOOCCubeX}: A Large Knowledge-centered Repository for Adaptive Learning in {MOOCs}},
  author={Yu, Jifan and Wang, Yuquan and Zhong, Qingyang and Luo, Gan and Mao, Yiming and Sun, Kai and Feng, Wenzheng and Xu, Wei and Cao, Shulin and Zeng, Kaisheng and others},
  booktitle={Proceedings of the 30th ACM International Conference on Information \& Knowledge Management},
  pages={4643--4652},
  year={2021}
}
//9
@inproceedings{dalipi2018mooc,
  title={MOOC dropout prediction using machine learning techniques: Review and research challenges},
  author={Dalipi, Fisnik and Imran, Ali Shariq and Kastrati, Zenun},
  booktitle={2018 IEEE global engineering education conference (EDUCON)},
  pages={1007--1014},
  year={2018},
  organization={IEEE}
}
//10
@article{hew2014students,
  title={Studentsâ€™ and instructorsâ€™ use of massive open online courses (MOOCs): Motivations and challenges},
  author={Hew, Khe Foon and Cheung, Wing Sum},
  journal={Educational research review},
  volume={12},
  pages={45--58},
  year={2014},
  publisher={Elsevier}
}
//11
@article{moreno2018prediction,
  title={Prediction in MOOCs: A review and future research directions},
  author={Moreno-Marcos, Pedro Manuel and Alario-Hoyos, Carlos and Mu{\~n}oz-Merino, Pedro J and Kloos, Carlos Delgado},
  journal={IEEE transactions on Learning Technologies},
  volume={12},
  number={3},
  pages={384--401},
  year={2018},
  publisher={IEEE}
}
//12
@article{hsu1990holographic,
  title={Holographic implementation of a fully connected neural network},
  author={Hsu, K-Y and Li, H-Y and Psaltis, Demetri},
  journal={Proceedings of the IEEE},
  volume={78},
  number={10},
  pages={1637--1645},
  year={1990},
  publisher={IEEE}
}
//13
@article{xu2020student,
  title={Student performance prediction based on blended learning},
  author={Xu, Zhuojia and Yuan, Hua and Liu, Qishan},
  journal={IEEE Transactions on Education},
  volume={64},
  number={1},
  pages={66--73},
  year={2020},
  publisher={IEEE}
}
//14
@article{hu2014developing,
  title={Developing early warning systems to predict studentsâ€™ online learning performance},
  author={Hu, Ya-Han and Lo, Chia-Lun and Shih, Sheng-Pao},
  journal={Computers in Human Behavior},
  volume={36},
  pages={469--478},
  year={2014},
  publisher={Elsevier}
}
//15
@inproceedings{zhang2017student,
  title={Student performance prediction via online learning behavior analytics},
  author={Zhang, Wei and Huang, Xujun and Wang, Shengming and Shu, Jiangbo and Liu, Hai and Chen, Hao},
  booktitle={2017 International Symposium on Educational Technology (ISET)},
  pages={153--157},
  year={2017},
  organization={IEEE}
}
//16
@article{rastrollo2020analyzing,
  title={Analyzing and predicting studentsâ€™ performance by means of machine learning: A review},
  author={Rastrollo-Guerrero, Juan L and G{\'o}mez-Pulido, Juan A and Dur{\'a}n-Dom{\'\i}nguez, Arturo},
  journal={Applied sciences},
  volume={10},
  number={3},
  pages={1042},
  year={2020},
  publisher={MDPI}
}
//17
@inproceedings{alshabandar2020students,
  title={Students performance prediction in online courses using machine learning algorithms},
  author={Alshabandar, Raghad and Hussain, Abir and Keight, Robert and Khan, Wasiq},
  booktitle={2020 International Joint Conference on Neural Networks (IJCNN)},
  pages={1--7},
  year={2020},
  organization={IEEE}
}
//18
@article{albreiki2021systematic,
  title={A systematic literature review of studentâ€™performance prediction using machine learning techniques},
  author={Albreiki, Balqis and Zaki, Nazar and Alashwal, Hany},
  journal={Education Sciences},
  volume={11},
  number={9},
  pages={552},
  year={2021},
  publisher={MDPI}
}
//19
@article{spinelli2020missing,
  title={Missing data imputation with adversarially-trained graph convolutional networks},
  author={Spinelli, Indro and Scardapane, Simone and Uncini, Aurelio},
  journal={Neural Networks},
  volume={129},
  pages={249--260},
  year={2020},
  publisher={Elsevier}
}
//20
@article{alshehri2021towards,
  title={Towards designing profitable courses: predicting student purchasing behaviour in MOOCs},
  author={Alshehri, Mohammad and Alamri, Ahmed and Cristea, Alexandra I and Stewart, Craig D},
  journal={International Journal of Artificial Intelligence in Education},
  volume={31},
  pages={215--233},
  year={2021},
  publisher={Springer}
}
//21
@article{shou2024predicting,
  title={Predicting student performance in online learning: a multidimensional time-series data analysis approach},
  author={Shou, Zhaoyu and Xie, Mingquan and Mo, Jianwen and Zhang, Huibing},
  journal={Applied sciences},
  volume={14},
  number={6},
  pages={2522},
  year={2024},
  publisher={MDPI}
}
//22
@article{mubarak2022prediction,
  title={Prediction of studentsâ€™ early dropout based on their interaction logs in online learning environment},
  author={Mubarak, Ahmed A and Cao, Han and Zhang, Weizhen},
  journal={Interactive Learning Environments},
  volume={30},
  number={8},
  pages={1414--1433},
  year={2022},
  publisher={Taylor \& Francis}
}
//23
@article{waheed2020predicting,
  title={Predicting academic performance of students from VLE big data using deep learning models},
  author={Waheed, Hajra and Hassan, Saeed-Ul and Aljohani, Naif Radi and Hardman, Julie and Alelyani, Salem and Nawaz, Raheel},
  journal={Computers in Human behavior},
  volume={104},
  pages={106189},
  year={2020},
  publisher={Elsevier}
}
//24
@inproceedings{coelho2017deep,
  title={Deep learning applied to learning analytics and educational data mining: A systematic literature review},
  author={Coelho, Orlando Bisacchi and Silveira, Ismar},
  booktitle={Brazilian Symposium on Computers in Education (Simp{\'o}sio Brasileiro de Inform{\'a}tica na Educa{\c{c}}{\~a}o-SBIE)},
  volume={28},
  number={1},
  pages={143},
  year={2017}
}
//25
@article{albreiki2021systematic2,
  title={A systematic literature review of studentâ€™performance prediction using machine learning techniques},
  author={Albreiki, Balqis and Zaki, Nazar and Alashwal, Hany},
  journal={Education Sciences},
  volume={11},
  number={9},
  pages={552},
  year={2021},
  publisher={MDPI}
}
//26
@article{aljaloud2022deep,
  title={A deep learning model to predict Student learning outcomes in LMS using CNN and LSTM},
  author={Aljaloud, Abdulaziz Salamah and Uliyan, Diaa Mohammed and Alkhalil, Adel and Abd Elrhman, Magdy and Alogali, Azizah Fhad Mohammed and Altameemi, Yaser Mohammed and Altamimi, Mohammed and Kwan, Paul},
  journal={IEEE Access},
  volume={10},
  pages={85255--85265},
  year={2022},
  publisher={IEEE}
}
//27
@article{battaglia2018relational,
  title={Relational inductive biases, deep learning, and graph networks},
  author={Battaglia, Peter W and Hamrick, Jessica B and Bapst, Victor and Sanchez-Gonzalez, Alvaro and Zambaldi, Vinicius and Malinowski, Mateusz and Tacchetti, Andrea and Raposo, David and Santoro, Adam and Faulkner, Ryan and others},
  journal={arXiv preprint arXiv:1806.01261},
  year={2018}
}
//28
@article{kukkar2023prediction,
  title={Prediction of student academic performance based on their emotional wellbeing and interaction on various e-learning platforms},
  author={Kukkar, Ashima and Mohana, Rajni and Sharma, Aman and Nayyar, Anand},
  journal={Education and Information Technologies},
  volume={28},
  number={8},
  pages={9655--9684},
  year={2023},
  publisher={Springer}
}
//29
@article{ren2023prediction,
  title={Prediction of user temporal interactions with online course platforms using deep learning algorithms},
  author={Ren, Junru and Wu, Shaomin},
  journal={Computers and Education: Artificial Intelligence},
  volume={4},
  pages={100133},
  year={2023},
  publisher={Elsevier}
}
//30
@article{wu2022graph,
  title={Graph neural networks in recommender systems: a survey},
  author={Wu, Shiwen and Sun, Fei and Zhang, Wentao and Xie, Xu and Cui, Bin},
  journal={ACM Computing Surveys},
  volume={55},
  number={5},
  pages={1--37},
  year={2022},
  publisher={ACM New York, NY}
}
//31
@article{yousafzai2021student,
  title={Student-performulator: student academic performance using hybrid deep neural network},
  author={Yousafzai, Bashir Khan and Khan, Sher Afzal and Rahman, Taj and Khan, Inayat and Ullah, Inam and Ur Rehman, Ateeq and Baz, Mohammed and Hamam, Habib and Cheikhrouhou, Omar},
  journal={Sustainability},
  volume={13},
  number={17},
  pages={9775},
  year={2021},
  publisher={MDPI}
}
//32
@article{gao2022hetinf,
  title={HetInf: social influence prediction with heterogeneous graph neural network},
  author={Gao, Liqun and Wang, Haiyang and Zhang, Zhouran and Zhuang, Hongwu and Zhou, Bin},
  journal={Frontiers in Physics},
  volume={9},
  pages={787185},
  year={2022},
  publisher={Frontiers Media SA}
}
//33
@article{min2021stgsn,
  title={Stgsnâ€”a spatial--temporal graph neural network framework for time-evolving social networks},
  author={Min, Shengjie and Gao, Zhan and Peng, Jing and Wang, Liang and Qin, Ke and Fang, Bo},
  journal={Knowledge-Based Systems},
  volume={214},
  pages={106746},
  year={2021},
  publisher={Elsevier}
}
//34
@article{pagano2023bias,
  title={Bias and unfairness in machine learning models: a systematic review on datasets, tools, fairness metrics, and identification and mitigation methods},
  author={Pagano, Tiago P and Loureiro, Rafael B and Lisboa, Fernanda VN and Peixoto, Rodrigo M and Guimar{\~a}es, Guilherme AS and Cruz, Gustavo OR and Araujo, Maira M and Santos, Lucas L and Cruz, Marco AS and Oliveira, Ewerton LS and others},
  journal={Big data and cognitive computing},
  volume={7},
  number={1},
  pages={15},
  year={2023},
  publisher={MDPI}
}




